<?xml version="1.0" encoding="UTF-8"?><collection xmlns="http://www.loc.gov/MARC21/slim"><record><leader>00540nam--2200169-i-4500</leader><controlfield tag="001">000042953</controlfield><controlfield tag="002">20161230</controlfield><controlfield tag="005">20161230201043</controlfield><controlfield tag="008">060222s1000------------r-----000-0-eng-d</controlfield><datafield ind1=" " ind2=" " tag="080"><subfield code="a">519.2:514.7(061.3)</subfield></datafield><datafield ind1="1" ind2=" " tag="100"><subfield code="a">Ambartzumian,Ruben (red.) s.a</subfield></datafield><datafield ind1="1" ind2="0" tag="245"><subfield code="a">Stochastic geometry, geometric statistics, stereology</subfield></datafield><datafield ind1=" " ind2=" " tag="260"><subfield code="a">Leipzig,Bsb B,G.Teubner Verlagsgesellchaft, 1984. 267 P</subfield></datafield><datafield ind1=" " ind2=" " tag="490"><subfield code="a">Teubner-texte Zur Math</subfield><subfield code="v">band 65</subfield></datafield><datafield ind1=" " ind2=" " tag="700"><subfield code="a">Ruben Ambartzumian And Wolfgang Weil</subfield></datafield><datafield ind1=" " ind2=" " tag="852"><subfield code="a">70329</subfield><subfield code="c">517.9</subfield></datafield><datafield ind1=" " ind2=" " tag="CAT"><subfield code="a">Sys</subfield><subfield code="c">20090407</subfield><subfield code="h">082020</subfield></datafield></record></collection>